[gd_scene load_steps=8 format=2]

[ext_resource path="res://Player.tscn" type="PackedScene" id=1]
[ext_resource path="res://Minion.gd" type="Script" id=2]

[sub_resource type="PlaneMesh" id=1]
size = Vector2( 50, 50 )

[sub_resource type="SpatialMaterial" id=2]
albedo_color = Color( 0.207843, 0.0862745, 0.0862745, 1 )

[sub_resource type="BoxShape" id=3]
extents = Vector3( 24.6154, 0.146, 25.0981 )

[sub_resource type="SpatialMaterial" id=4]
vertex_color_use_as_albedo = true
vertex_color_is_srgb = true
params_diffuse_mode = 1
albedo_color = Color( 0, 0, 0, 0.74902 )
metallic = 0.92
metallic_specular = 1.0
rim_enabled = true
rim = 1.0
rim_tint = 0.5

[sub_resource type="SphereMesh" id=5]
material = SubResource( 4 )

[node name="root" type="Spatial"]

[node name="StaticBody" type="StaticBody" parent="."]

[node name="MeshInstance" type="MeshInstance" parent="StaticBody"]
layers = 1048575
mesh = SubResource( 1 )
material/0 = SubResource( 2 )

[node name="CollisionShape" type="CollisionShape" parent="StaticBody"]
shape = SubResource( 3 )

[node name="Player3d" parent="." instance=ExtResource( 1 )]
transform = Transform( 0.25, 0, 0, 0, 0.25, 0, 0, 0, 0.25, -0.0612299, 0.963533, 0.0999397 )

[node name="Target" type="Spatial" parent="Player3d"]
transform = Transform( 1, 0, 0, 0, 1, 0, 0, 0, 1, 0, 0, -4.534 )

[node name="MeshInstance" type="MeshInstance" parent="Player3d/Target"]
mesh = SubResource( 5 )
material/0 = null

[node name="Camera" type="Camera" parent="."]
transform = Transform( 1, 0, 0, 0, -4.37114e-08, 1, 0, -1, -4.37114e-08, 0, 10, 0 )
fov = 90.0

[node name="RichTextLabel" type="RichTextLabel" parent="Camera"]
margin_right = 279.0
margin_bottom = 220.0
text = "PUPA
"

[node name="RichTextLabel2" type="RichTextLabel" parent="Camera"]
margin_left = 3.0
margin_top = 146.0
margin_right = 281.0
margin_bottom = 227.0

[node name="OmniLight" type="OmniLight" parent="."]
omni_range = 11.4801

[node name="Minion" parent="." instance=ExtResource( 1 )]
transform = Transform( 0.0999643, 0, 0.00267094, 0, 0.1, 0, -0.00267094, 0, 0.0999643, -1.26568, 1.76468, -2.57986 )
script = ExtResource( 2 )

[node name="Spatial" type="Spatial" parent="."]
